<?xml version="1.0" encoding="UTF-8"?><record xmlns="http://www.loc.gov/MARC21/slim" xmlns:cinclude="http://apache.org/cocoon/include/1.0" xmlns:zs="http://www.loc.gov/zing/srw/">
  <leader>00553cz  a2200169n  4500</leader>
  <controlfield tag="001">n 2011209581</controlfield>
  <controlfield tag="003">DLC</controlfield>
  <controlfield tag="005">20120607074814.0</controlfield>
  <controlfield tag="008">120606n| acannaabn          |b aaa      </controlfield>
  <datafield tag="010" ind1=" " ind2=" ">
    <subfield code="a">n 2011209581</subfield>
  </datafield>
  <datafield tag="040" ind1=" " ind2=" ">
    <subfield code="a">DLC</subfield>
    <subfield code="b">eng</subfield>
    <subfield code="c">DLC</subfield>
  </datafield>
  <datafield tag="100" ind1="1" ind2=" ">
    <subfield code="a">Qāsimī, ʻAbdulbāsit̤</subfield>
  </datafield>
  <datafield tag="400" ind1="1" ind2=" ">
    <subfield code="a">‏قاسمى، عبدالباسط</subfield>
  </datafield>
  <datafield tag="400" ind1="0" ind2=" ">
    <subfield code="a">ʻAbdulbāsit̤ Qāsimī</subfield>
  </datafield>
  <datafield tag="400" ind1="0" ind2=" ">
    <subfield code="a">عبدالباسط قاسمى</subfield>
  </datafield>
  <datafield tag="667" ind1=" " ind2=" ">
    <subfield code="a">Non-Latin script references not evaluated.</subfield>
  </datafield>
  <datafield tag="670" ind1=" " ind2=" ">
    <subfield code="a">Ijārah, 2011:</subfield>
    <subfield code="b">t.p. (ʻAbdulbāsit̤ Qāsimī = عبدالباسط قاسمى)</subfield>
  </datafield>
</record>